@article{ roc-article1,
  author = {Donna Katzman McClish},
  title = {Analyzing a Portion of the {ROC} Curve}
}
